<record><leader>00000cas a2200000 a 4500</leader><controlfield tag="001">19039576</controlfield><controlfield tag="008">890119d18901943tnuwr ne      0    0eng d</controlfield><datafield ind1=" " ind2=" " tag="010"><subfield code="a">sn 89058084 </subfield></datafield><datafield ind1=" " ind2=" " tag="040"><subfield code="a">KNP</subfield><subfield code="b">eng</subfield><subfield code="c">KNP</subfield><subfield code="d">TGN</subfield><subfield code="d">OCL</subfield><subfield code="d">OCLCQ</subfield><subfield code="d">OCLCF</subfield><subfield code="d">OCLCO</subfield></datafield><datafield ind1="1" ind2=" " tag="029"><subfield code="a">AU@</subfield><subfield code="b">000021677448</subfield></datafield><datafield ind1=" " ind2=" " tag="042"><subfield code="a">msc</subfield></datafield><datafield ind1=" " ind2=" " tag="043"><subfield code="a">n-us-tn</subfield></datafield><datafield ind1="0" ind2=" " tag="130"><subfield code="a">Review and appeal (Franklin, Tenn. : 1890)</subfield></datafield><datafield ind1="1" ind2="4" tag="245"><subfield code="a">The review and appeal.</subfield></datafield><datafield ind1="3" ind2=" " tag="246"><subfield code="a">Review &amp; appeal</subfield></datafield><datafield ind1="3" ind2=" " tag="246"><subfield code="a">Review appeal</subfield></datafield><datafield ind1=" " ind2=" " tag="260"><subfield code="a">Franklin, Tenn. :</subfield><subfield code="b">Thos. B. Johnson,</subfield><subfield code="c">-1943.</subfield></datafield><datafield ind1=" " ind2=" " tag="300"><subfield code="a">v.</subfield></datafield><datafield ind1=" " ind2=" " tag="310"><subfield code="a">Weekly</subfield></datafield><datafield ind1="1" ind2=" " tag="362"><subfield code="a">Began in 1890.</subfield></datafield><datafield ind1="0" ind2=" " tag="362"><subfield code="a">-v. 130, no. 34 (Aug. 26, 1943).</subfield></datafield><datafield ind1=" " ind2=" " tag="500"><subfield code="a">Banner appears as: Review=appeal, &lt;Aug. 4, 1892&gt;-Aug. 26, 1943.</subfield></datafield><datafield ind1=" " ind2=" " tag="580"><subfield code="a">Formed by the union of: Review and journal, and: Farmer's appeal.</subfield></datafield><datafield ind1=" " ind2=" " tag="580"><subfield code="a">Merged with: Williamson County news, to form: Review=appeal and the Williamson County news (Franklin, Tenn. : 1943).</subfield></datafield><datafield ind1=" " ind2=" " tag="588"><subfield code="a">Description based on: Vol. 76, no. 20 (Mar. 11, 1891).</subfield></datafield><datafield ind1=" " ind2="0" tag="651"><subfield code="a">Franklin (Tenn.)</subfield><subfield code="v">Newspapers.</subfield></datafield><datafield ind1=" " ind2="0" tag="651"><subfield code="a">Williamson County (Tenn.)</subfield><subfield code="v">Newspapers.</subfield></datafield><datafield ind1=" " ind2="7" tag="655"><subfield code="a">Newspapers.</subfield><subfield code="2">fast</subfield><subfield code="0">(OCoLC)fst01423814</subfield></datafield><datafield ind1=" " ind2="7" tag="651"><subfield code="a">Tennessee</subfield><subfield code="z">Franklin.</subfield><subfield code="2">fast</subfield><subfield code="0">(OCoLC)fst01208691</subfield></datafield><datafield ind1=" " ind2="7" tag="651"><subfield code="a">Tennessee</subfield><subfield code="z">Williamson County.</subfield><subfield code="2">fast</subfield><subfield code="0">(OCoLC)fst01207678</subfield></datafield><datafield ind1=" " ind2=" " tag="752"><subfield code="a">United States</subfield><subfield code="b">Tennessee</subfield><subfield code="c">Williamson</subfield><subfield code="d">Franklin.</subfield></datafield><datafield ind1="1" ind2="4" tag="780"><subfield code="t">Review and journal</subfield><subfield code="w">(DLC)sn 85033398</subfield></datafield><datafield ind1="1" ind2="4" tag="780"><subfield code="t">Farmer's appeal</subfield><subfield code="w">(DLC)sn 89058091</subfield></datafield><datafield ind1="1" ind2="7" tag="785"><subfield code="t">Williamson County news</subfield><subfield code="w">(DLC)sn 89058085</subfield></datafield><datafield ind1="1" ind2="7" tag="785"><subfield code="t">Review=appeal and the Williamson County news (Franklin, Tenn. : 1943)</subfield><subfield code="w">(DLC)sn 97065039</subfield></datafield></record>